@online{oracle-service-loader,
  author="Oracle",
  title="Service Loader (Java Platform SE8)",
  url="https://docs.oracle.com/javase/8/docs/api/java/util/ServiceLoader.html"
}
